@book{adams1995hitchhiker,
  title={The Hitchhiker's Guide to the Galaxy},
  author={Adams, D.},
  isbn={9781417642595},
  url={http://books.google.com/books?id=W-xMPgAACAAJ},
  year={1995},
  publisher={San Val}
}
@article{DISCO,
  title={具資料高度保護能力的分散式區塊儲存系統-DISCO},
  author={朱怡虹},
  journal={電腦與通訊},
  pages={35--45},
  year={2016}
}
@article{clouddatasafe,
  title={雲端資料安全與存取控制之系統設計與實作},
  author={陳旻裕},
  year={2013},
  note={碩士論文}
}
@article{distributed_filesystem,
  title={以GlusterFS和Docker來實現具有異地備援之高可用性架構的私有雲端儲存系統},
  author={趙原宏},
  year={2016},
  note={碩士論文}
}
@patent{centralDDBMS,
  author       = {Esa Pulkkinen, Juha Antero Herajaervi},
  title        = {Centralized management of a distributed database system},
  number       = {FI20001111A},
  date         = {2000-05-10},
  holder       = {{Hughes Aircraft Company}},
  type         = {patentfi},
}


%
朱怡虹 (2016年06月01日)。 具資料高度保護能力的分散式區塊儲存系統-DISCO. 電腦與通訊, 頁 35-45。
陳旻裕 (2013)。 雲端資料安全與存取控制之系統設計與實作. 台中市: 中興大學資訊管理學系所學位論文。
趙原宏 (2016)。 以GlusterFS和Docker來實現具有異地備援之高可用性架構的私有雲端儲存系統。 台中市: 國立中興大學資訊科學與工程學系碩士論文. 擷取自 https://hdl.handle.net/11296/k26dww
Esa Pulkkinen, & Juha Antero Herajaervi. (2000). Finland 專利號碼 .
OWASP Top Ten. (2020年12月17日). 擷取自 OWASP: https://owasp.org/www-project-top-ten/


%%